@incollection{beetz2015robosherlock,
  title={RoboSherlock: Unstructured Information Processing Framework for Robotic Perception},
  author={Beetz, Michael and B{\'a}lint-Bencz{\'e}di, Ferenc and Blodow, Nico and Kerl, Christian and M{\'a}rton, Zolt{\'a}n-Csaba and Nyga, Daniel and Seidel, Florian and Wiedemeyer, Thiemo and Worch, Jan-Hendrik},
  booktitle={Handling Uncertainty and Networked Structure in Robot Control},
  pages={181--208},
  year={2015},
  publisher={Springer}
}

@inproceedings{rusu2010fast,
  title={Fast 3d recognition and pose using the viewpoint feature histogram},
  author={Rusu, Radu Bogdan and Bradski, Gary and Thibaux, Romain and Hsu, John},
  booktitle={Intelligent Robots and Systems (IROS), 2010 IEEE/RSJ International Conference on},
  pages={2155--2162},
  year={2010},
  organization={IEEE}
}

@inproceedings{aldoma2011cad,
  title={CAD-model recognition and 6DOF pose estimation using 3D cues},
  author={Aldoma, Aitor and Vincze, Markus and Blodow, Nico and Gossow, David and Gedikli, Suat and Rusu, Radu Bogdan and Bradski, Gary},
  booktitle={Computer Vision Workshops (ICCV Workshops), 2011 IEEE International Conference on},
  pages={585--592},
  year={2011},
  organization={IEEE}
}

@inproceedings{niemueller2013towards,
  title={Towards deliberative active perception using persistent memory},
  author={Niemueller, Tim and Abdo, Nichola and Hertle, Andreas and Lakemeyer, Gerhard and Burgard, Wolfram and Nebel, Bernhard},
  booktitle={Proc. IROS 2013 Workshop on AI-based Robotics},
  year={2013}
}

@inproceedings{niemueller2013life,
  title={Life-long learning perception using cloud database technology},
  author={Niemueller, Tim and Schiffer, Stefan and Lakemeyer, Gerhard and Rezapour-Lakani, Safoura},
  booktitle={Proc. IROS Workshop on Cloud Robotics},
  year={2013}
}

@inproceedings{oliveira2014perceptual,
  title={A perceptual memory system for grounding semantic representations in intelligent service robots},
  author={Oliveira, Miguel and Lim, Gi Hyun and Lopes, Lu{\'\i}s Seabra and Kasaei, S Hamidreza and Tom{\'e}, Ana Maria and Chauhan, Aneesh},
  booktitle={Intelligent Robots and Systems (IROS 2014), 2014 IEEE/RSJ International Conference on},
  pages={2216--2223},
  year={2014},
  organization={IEEE}
}

@inproceedings{balint2017storing,
  title={Storing and retrieving perceptual episodic memories for long-term manipulation tasks},
  author={Balint-Bencz{\'e}di, Ferenc and M{\'a}rton, Zolt{\'a}n-Csaba and Burner, Maximilian and Beetz, Michael},
  booktitle={Advanced Robotics (ICAR), 2017 18th International Conference on},
  pages={25--31},
  year={2017},
  organization={IEEE}
}

@article{ferrucci2010building,
  title={Building Watson: An overview of the DeepQA project},
  author={Ferrucci, David and Brown, Eric and Chu-Carroll, Jennifer and Fan, James and Gondek, David and Kalyanpur, Aditya A and Lally, Adam and Murdock, J William and Nyberg, Eric and Prager, John and others},
  journal={AI magazine},
  volume={31},
  number={3},
  pages={59--79},
  year={2010}
}

@article{wood2012review,
  title={A review of long-term memory in natural and synthetic systems},
  author={Wood, Rachel and Baxter, Paul and Belpaeme, Tony},
  journal={Adaptive Behavior},
  volume={20},
  number={2},
  pages={81--103},
  year={2012},
  publisher={SAGE Publications Sage UK: London, England}
}

@inproceedings{lai2011large,
  title={A large-scale hierarchical multi-view rgb-d object dataset},
  author={Lai, Kevin and Bo, Liefeng and Ren, Xiaofeng and Fox, Dieter},
  booktitle={Robotics and Automation (ICRA), 2011 IEEE International Conference on},
  pages={1817--1824},
  year={2011},
  organization={IEEE}
}

@book{james2013introduction,
  title={An introduction to statistical learning},
  author={James, Gareth and Witten, Daniela and Hastie, Trevor and Tibshirani, Robert},
  volume={112},
  year={2013},
  publisher={Springer}
}

@article{marton2012object,
  title={Object categorization in clutter using additive features and hashing of part-graph descriptors},
  author={Marton, Zoltan-Csaba and Balint-Benczedi, Ferenc and Seidel, Florian and Goron, Lucian and Beetz, Michael},
  journal={Spatial Cognition VIII},
  pages={17--33},
  year={2012},
  publisher={Springer}
}
